%
%  An example of a bibliographical database for bibTeX
%
%  Recommended software for maintenance of *.bib files:
%    JabRef, http://jabref.sourceforge.net/
%
%  BEWARE:
%
%    *  If a name contains a capital letter, which must be kept such,
%       use curly brackets ({T}hailand, {HIV}).
%
%  ===========================================================================

@inproceedings{dataspecer,
  title={DataSpecer: A Model-Driven Approach to Managing Data Specifications},
  author={Stenchlák, Štěpán and Ne{\v{c}}ask{\`y}, Martin and {\v{S}}koda, Petr and Kl{\'\i}mek, Jakub},
  booktitle={European Semantic Web Conference},
  year={2022},
  organization={Springer}
}

@TechReport{data-on-the-web,
  author      = "Newton Calegari and Caroline Burle and Bernadette Farias Loscio",
  title       = "Data on the Web Best Practices",
  month       = jan,
  note        = "https://www.w3.org/TR/2017/REC-dwbp-20170131/",
  year        = "2017",
  bibsource   = "https://w2.syronex.com/jmr/w3c-biblio",
  type        = "{W3C} Recommendation",
  institution = "W3C",
}

@BOOK{Andel07,
  title = {Základy matematické statistiky},
  publisher = {Matfyzpress},
  year = {2007},
  author = {Anděl, J.},
  address = {Praha},
  series = {Druhé opravené vydání},
  isbn = {80-7378-001-1}
}

@BOOK{Andel98,
  title = {Statistické metody},
  publisher = {Matfyzpress},
  year = {1998},
  author = {Anděl, J.},
  address = {Praha},
  series = {Druhé přepracované vydání},
  isbn = {80-85863-27-8}
}

@ARTICLE{Cox72,
  author = {Cox, D. R.},
  title = {Regression models and life-tables (with {D}iscussion)},
  journal = {Journal of the Royal Statistical Society, Series B},
  year = {1972},
  volume = {34},
  pages = {187--220},
  number = {2}
}

@ARTICLE{DempsterLairdRubin77,
  author = {Dempster, A. P. and Laird, N. M. and Rubin, D. B.},
  title = {Maximum likelihood from incomplete data via the {EM} algorithm},
  journal = {Journal of the Royal Statistical Society, Series B},
  year = {1977},
  volume = {39},
  pages = {1--38},
  number = {1}
}

@ARTICLE{Genberget08,
  author = {Genberg, B. L. and Kulich, M. and Kawichai, S. and Modiba, P. and
	Chingono, A. and Kilonzo, G. P. and Richter, L. and Pettifor, A.
	and Sweat, M. and Celentano, D. D.},
  title = {{HIV} risk behaviors in Sub-{S}aharan {A}frica and {N}orthern {T}hailand:
	{B}aseline behavioral data from project {A}ccept},
  journal = {Journal of Acquired Immune Deficiency Syndrome},
  year = {2008},
  volume = {49},
  pages = {309--319}
}

@ARTICLE{KaplanMeier58,
  author = {Kaplan, E. L. and Meier, P.},
  title = {Nonparametric estimation from incomplete observations},
  journal = {Journal of the American Statistical Association},
  year = {1958},
  volume = {53},
  pages = {457--481},
  number = {282}
}

@BOOK{LehmannCasella98,
  title = {Theory of Point Estimation},
  publisher = {Springer-Verlag},
  year = {1998},
  author = {Lehmann, E. L. and Casella, G.},
  address = {New York},
  series = {{S}econd {E}dition},
  isbn = {0-387-98502-6}
}

@ARTICLE{Student08,
  author = {Student},
  title = {On the probable error of the mean},
  journal = {Biometrika},
  year = {1908},
  volume = {6},
  pages = {1-25}
}


@article{necasky2012conceptual,
  title={{When conceptual model meets grammar: A dual approach to XML data modeling}},
  author={Nečaský, Martin and Mlýnková, Irena and Klímek, Jakub and Malý, Jakub},
  journal={Data \& Knowledge Engineering},
  volume={72},
  pages={1--30},
  year={2012},
  publisher={Elsevier},
  doi={10.1016/j.datak.2011.09.002}
},

@article{sgov,
  author    = {Petr Křemen and
               Martin Nečaský},
  title     = {{Improving discoverability of open government data with rich metadata
               descriptions using semantic government vocabulary}},
  journal   = {J. Web Semant.},
  volume    = {55},
  pages     = {1--20},
  year      = {2019},
  doi       = {10.1016/j.websem.2018.12.009},
  timestamp = {Thu, 09 May 2019 08:36:38 +0200},
  biburl    = {https://dblp.org/rec/journals/ws/KremenN19.bib},
  bibsource = {dblp computer science bibliography, https://dblp.org}
}

@inproceedings{xcase,
  author    = {Jakub Klímek and
               Lukáš Kopenec and
               Pavel Loupal and
               Jakub Malý},
  title     = {{XCase - {A} Tool for Conceptual {XML} Data Modeling}},
  booktitle = {Advances in Databases and Information Systems, Associated Workshops
               and Doctoral Consortium of the 13th East European Conference, {ADBIS}
               2009, Riga, Latvia, September 7-10, 2009. Revised Selected Papers},
  series    = {LNCS},
  volume    = {5968},
  pages     = {96--103},
  publisher = {Springer},
  year      = {2009},
  doi       = {10.1007/978-3-642-12082-4\_13},
  timestamp = {Tue, 14 May 2019 10:00:53 +0200},
  biburl    = {https://dblp.org/rec/conf/adbis/KlimekKLM09.bib},
  bibsource = {dblp computer science bibliography, https://dblp.org}
}

@article{exolutio,
  author    = {Jakub Klímek and
               Jakub Malý and
               Martin Nečaský and
               Irena Holubová},
  title     = {{eXolutio: Methodology for Design and Evolution of {XML} Schemas Using Conceptual Modeling}},
  journal   = {Informatica},
  volume    = {26},
  number    = {3},
  pages     = {453--472},
  year      = {2015},
  url       = {https://content.iospress.com/articles/informatica/inf1065},
  timestamp = {Tue, 26 May 2020 08:52:34 +0200},
  biburl    = {https://dblp.org/rec/journals/informaticaLT/KlimekMNH15.bib},
  bibsource = {dblp computer science bibliography, https://dblp.org}
}

@article{ufo22,
  author    = {Giancarlo Guizzardi and
               Alessander Botti Benevides and
               Claudenir M. Fonseca and
               Daniele Porello and
               João Paulo A. Almeida and
               Tiago Prince Sales},
  title     = {{UFO: Unified Foundational Ontology}},
  journal   = {Applied Ontology},
  volume    = {Pre-press},
  number    = {Pre-press},
  pages     = {1--44},
  year      = {2021},
  url       = {https://content.iospress.com/articles/applied-ontology/ao210256}
}